<record><leader>00000cas a2200000 a 4500</leader><controlfield tag="001">11805121</controlfield><controlfield tag="008">850314d18871958ksuwr ne      0   a0eng d</controlfield><datafield ind1=" " ind2=" " tag="010"><subfield code="a">sn 85029078 </subfield></datafield><datafield ind1=" " ind2=" " tag="040"><subfield code="a">KSH</subfield><subfield code="b">eng</subfield><subfield code="c">KSH</subfield><subfield code="d">NPT</subfield><subfield code="d">OCL</subfield><subfield code="d">OCLCQ</subfield></datafield><datafield ind1=" " ind2=" " tag="042"><subfield code="a">msc</subfield></datafield><datafield ind1="0" ind2="4" tag="245"><subfield code="a">The McLouth times.</subfield></datafield><datafield ind1=" " ind2=" " tag="260"><subfield code="a">M'Louth [McLouth], Kan. :</subfield><subfield code="b">[A.B. Mills],</subfield><subfield code="c">1887-1958.</subfield></datafield><datafield ind1=" " ind2=" " tag="300"><subfield code="a">71 v. :</subfield><subfield code="b">ill. ;</subfield><subfield code="c">23-59 cm.</subfield></datafield><datafield ind1=" " ind2=" " tag="310"><subfield code="a">Weekly</subfield></datafield><datafield ind1="0" ind2=" " tag="362"><subfield code="a">Vol. 1, no. 1 (May 5, 1887)-v. 71, no. 29 (June 19, 1958).</subfield></datafield><datafield ind1=" " ind2=" " tag="500"><subfield code="a">Publisher varies.</subfield></datafield><datafield ind1=" " ind2=" " tag="500"><subfield code="a">Republican.</subfield></datafield><datafield ind1=" " ind2=" " tag="525"><subfield code="a">Includes supplements.</subfield></datafield><datafield ind1=" " ind2=" " tag="752"><subfield code="a">United States</subfield><subfield code="b">Kansas</subfield><subfield code="c">Jefferson</subfield><subfield code="d">McLouth.</subfield></datafield><datafield ind1="0" ind2="7" tag="785"><subfield code="t">Perry mirror (Perry, Kan. : 1898)</subfield><subfield code="w">(DLC)sn 85029115</subfield></datafield><datafield ind1="0" ind2="7" tag="785"><subfield code="t">Perry mirror, the McLouth times, the Jefferson County news</subfield><subfield code="w">(DLC)sn 85029114</subfield></datafield></record>